@article{williamson2023flevr,
 title={Flexible variable selection in the presence of missing data},
 author={Williamson, BD and Huang, Y},
 year={2023},
 journal={International Journal of Biostatistics},
 URL = {https://arxiv.org/abs/2202.12989}
}
@article{williamson2020a,
    title={Nonparametric variable importance assessment using machine learning techniques},
    author={Williamson, BD and Gilbert, PB and Carone, M and Simon, N},
    journal={Biometrics},
    year={2020}
}
@article{williamson2021,
    author={Williamson, BD and Gilbert, PB and Simon, NR and Carone, M},
    title={A general framework for inference on algorithm-agnostic variable importance},
    journal={Journal of the American Statistical Association},
    year={2021},
    doi={10.1080/01621459.2021.2003200}
  }
@inproceedings{williamson2020c,
    title={Efficient nonparametric statistical inference on population feature importance using {S}hapley values},
    author={Williamson, BD and Feng, J},
    year={2020},
    booktitle={Proceedings of the 37th International Conference on Machine Learning},
    volume={119},
    pages={10282--10291},
    series = {Proceedings of Machine Learning Research},
    URL = {http://proceedings.mlr.press/v119/williamson20a.html}
}
@article{magaret2019,
    title={Prediction of {VRC01} neutralization sensitivity by {HIV}-1 gp160 sequence features},
    author={Magaret, CA and Benkeser, DC and Williamson, BD and Borate, BR and Carpp, LN and Georgiev, IS and Setliff, I and Dingens, AS and Simon, N and Carone, M and Simpkins, C and Montefiori, D and Alter, G and Yu, WH and Juraska, M and Edlefsen, PT and Karuna, S and Mgodi, NM and Edugupanti, S and Gilbert, PB},
    year={2019},
    journal={PLOS Computational Biology},
    doi={10.1371/journal.pcbi.1006952}
}
@Article{friedman2001,
    title = {Regularization Paths for Generalized Linear Models via
      Coordinate Descent},
    author = {Jerome Friedman and Robert Tibshirani and Trevor Hastie},
    journal = {Journal of Statistical Software},
    year = {2010},
    volume = {33},
    number = {1},
    pages = {1--22},
    doi = {10.18637/jss.v033.i01}
  }
  @Article{tay2023,
    title = {Elastic Net Regularization Paths for All Generalized
      Linear Models},
    author = {J. Kenneth Tay and Balasubramanian Narasimhan and Trevor
      Hastie},
    journal = {Journal of Statistical Software},
    year = {2023},
    volume = {106},
    number = {1},
    pages = {1--31},
    doi = {10.18637/jss.v106.i01}
  }
  @manual{glmnet,
  title = {{glmnet}: Lasso and Elastic-Net Regularized Generalized Linear Models},
  author = {Friedman, J and Hastie, T and Tibshirani, R and Narasimhan, B and Tay, K and Simon, N and Qian, J and Yang, J},
  year = {2023},
  note = {R package version 4.1-8},
  url = {https://CRAN.R-project.org/package=glmnet}
}
@article{heymans2007,
  title={Variable selection under multiple imputation using the bootstrap in a prognostic study},
  author={Heymans, Martijn W and van Buuren, Stef and Knol, Dirk L and Van Mechelen, Willem and De Vet, Henrica CW},
  journal={BMC Medical Research Methodology},
  volume={7},
  pages={1--10},
  year={2007}
}
@incollection{rubin2018,
  title={Multiple imputation},
  author={Rubin, Donald B},
  booktitle={Flexible Imputation of Missing Data, Second Edition},
  pages={29--62},
  year={2018},
  publisher={Chapman and Hall/CRC}
}
@article{vanderlaan2007,
    title={Super Learner},
    author={van der Laan, MJ and Polley, EC and Hubbard, AE},
    journal={Statistical Applications in Genetics and Molecular Biology},
    year={2007},
    volume={6},
    number={1},
    pages={Online Article 25}
}
@article{breiman2001,
    title={Random forests},
    author={Breiman, L},
    journal={Machine Learning},
    volume={45},
    number={1},
    pages={5--32},
    year={2001}
}
@article{friedman2001,
  title={Greedy function approximation: a gradient boosting machine},
  author={Friedman, JH},
  journal={Annals of Statistics},
  volume={29},
  number={5},
  pages={1189--1232},
  year={2001}
}
@article{vandervaart2000,
  title={Asymptotic Statistics},
  author={Van der Vaart, AW},
  volume={3},
  year={2000},
  publisher={Cambridge University Press}
}
@article{zou2005,
  title={Regularization and variable selection via the elastic net},
  author={Zou, H and Hastie, T},
  journal={Journal of the Royal Statistical Society: Series B (Statistical Methodology)},
  volume={67},
  number={2},
  pages={301--320},
  year={2005}
}

@manual{williamson_vimp,
  title = {{vimp}: Perform Inference on Algorithm-Agnostic Variable Importance},
  author = {Williamson, BD and Feng, J and Wolock, C and Simon, N and Carone, M},
  year = {2023},
  note = {R package version 2.3.3},
  url = {https://CRAN.R-project.org/package=vimp}
}
@manual{mice,
  title = {{mice}: Multivariate Imputation by Chained Equations},
  author = {van Buuren, S and Groothuis-Oudshoorn, K and others},
  year = {2023},
  note = {R package version 3.16.0},
  url = {https://CRAN.R-project.org/package=mice}
}
@Article{mice2011,
    title = {{mice}: Multivariate Imputation by Chained Equations in
      R},
    author = {Stef {van Buuren} and Karin Groothuis-Oudshoorn},
    journal = {Journal of Statistical Software},
    year = {2011},
    volume = {45},
    number = {3},
    pages = {1-67},
    doi = {10.18637/jss.v045.i03}
  }
@manual{polspline,
  title = {{polspline}: Polynomial Spline Routines},
  author = {Kooperberg, C and Moler, C and Dongarra, J},
  year = {2023},
  note = {R package version 1.1.24},
  url = {https://CRAN.R-project.org/package=polspline}
}
@Article{wright2017,
    title = {{ranger}: A Fast Implementation of Random Forests for High
      Dimensional Data in {C++} and {R}},
    author = {Marvin N. Wright and Andreas Ziegler},
    journal = {Journal of Statistical Software},
    year = {2017},
    volume = {77},
    number = {1},
    pages = {1--17},
    doi = {10.18637/jss.v077.i01}
  }
@manual{ranger,
  title = {{ranger}: A Fast Implementation of Random Forests},
  author = {Wright, MN and Wager, S and Probst, P},
  year = {2023},
  note = {R package version 0.16.0},
  url = {https://CRAN.R-project.org/package=ranger}
}
@Manual{kernlab,
    title = {kernlab: Kernel-Based Machine Learning Lab},
    author = {Alexandros Karatzoglou and Alex Smola and Kurt Hornik},
    year = {2023},
    note = {R package version 0.9-32},
    url = {https://CRAN.R-project.org/package=kernlab}
  }
  @Article{karatzoglou2004,
    title = {kernlab -- An {S4} Package for Kernel Methods in {R}},
    author = {Alexandros Karatzoglou and Alex Smola and Kurt Hornik and
      Achim Zeileis},
    journal = {Journal of Statistical Software},
    year = {2004},
    volume = {11},
    number = {9},
    pages = {1--20},
    doi = {10.18637/jss.v011.i09}
  }
  @Manual{xgboost,
    title = {{xgboost}: Extreme Gradient Boosting},
    author = {Chen, T and He, T and others},
    year = {2023},
    note = {R package version 1.7.5.1},
    url = {https://CRAN.R-project.org/package=xgboost}
  }
  @Manual{superlearner,
    title = {{SuperLearner}: Super Learner Prediction},
    author = {Eric Polley and Erin LeDell and Chris Kennedy and Mark {van der Laan}},
    year = {2023},
    note = {R package version 2.0-28.1},
    url = {https://CRAN.R-project.org/package=SuperLearner}
  }